
@misc{acpi-faq,
	title = {ACPI~FAQ},
	url = {http://www.acpi.info/acpi_faq.htm},
	year = 1998,
	month = {jun},
	day = 29
}

@manual{acpi-spec4a,
	timestamp = {2011-03-08 03:17:03 PM (EST)},
	title = {ACPI spec},
	url = {http://www.acpi.info/DOWNLOADS/ACPIspec40a.pdf}
}

@book{amd-v1,
	timestamp = {2011-03-07 10:56:44 AM (EST)},
	author = {AMD},
	title = {Application Programming},
	year = {2009},
	volume = {1},
	series = {AMD64 Architecture Programmer's Manual},
	url = {http://support.amd.com/us/Processor_TechDocs/24592.pdf},
	month = {nov}
}

@book{amd-v2,
	timestamp = {2011-03-07 11:08:35 AM (EST)},
	author = {AMD},
	year = {2010},
	volume = {2},
	series = {AMD64 Architecture Programmer's Manual},
	title = {System Programming},
	url = {http://support.amd.com/us/Processor_TechDocs/24593.pdf},
	month = {jun}
}

@book{amd-v3,
	timestamp = {2011-03-07 11:08:35 AM (EST)},
	author = {AMD},
	year = {2009},
	volume = {3},
	series = {AMD64 Architecture Programmer's Manual},
	title = {General Purpose~and~System Instructions},
	url = {http://support.amd.com/us/Processor_TechDocs/24594.pdf},
	month = {nov}
}

@book{amd-v4,
	timestamp = {2011-03-07 11:08:35 AM (EST)},
	author = {AMD},
	year = {2010},
	volume = {4},
	series = {AMD64 Architecture Programmer's Manual},
	title = {128-bit and 256 bit media instructions},
	url = {http://support.amd.com/us/Processor_TechDocs/26568.pdf},
	month = {dec}
}

@book{amd-v5,
	timestamp = {2011-03-07 11:08:35 AM (EST)},
	author = {AMD},
	year = {2009},
	volume = {5},
	series = {AMD64 Architecture Programmer's Manual},
	title = {64-Bit Media and x87 Floating-Point Instructions},
	url = {http://support.amd.com/us/Processor_TechDocs/26569.pdf},
	month = {dec}
}

@book{amd-v6,
	timestamp = {2011-03-07 11:08:35 AM (EST)},
	author = {AMD},
	year = {2000},
	volume = {6},
	series = {AMD64 Architecture Programmer's Manual},
	title = {UNKNOWN??????}
}

@book{art-asm,
	timestamp = {2011-03-07 12:13:10 PM (EST)},
	title = {The Art of ASSEMBLY LANGUAGE PROGRAMMING},
	url = {http://www.arl.wustl.edu/~lockwood/class/cs306/books/artofasm/toc.html}
}

@book{bertrand_blanc_endianness_2005,
	title = {Endianness or Where is Byte 0?},
	url = {http://3bc.bertrand-blanc.com/endianness05.pdf},
	author = {Bob Maaraoui Bertrand Blanc and Bertrand Blanc, Bob Maaraoui},
	month = dec,
	year = {2005}
}

@book{cohen_holy_war_1980,
	title = {On Holy Wars and a Plea for Peace},
	url = {http://www.ietf.org/rfc/ien/ien137.txt},
	author = {Danny Cohen},
	month = apr,
	year = {1980}
}

@manual{intel-v1,
	title = {Intel® 64 and IA-32 Architectures Software Developer's Manual Volume 1: Basic Architecture},
	url = {http://www.intel.com/Assets/PDF/manual/253665.pdf},
	year = {2011},
	month = {mar},
	organization = {Intel}
}

@manual{intel-v2A,
	title = {Intel® 64 and IA-32 Architectures Software Developer's Manual Volume 2A: Instruction Set Reference, A-M},
	url = {http://www.intel.com/Assets/PDF/manual/253666.pdf},
	organization = {Intel},
	year = {2011},
	month = {mar}
}

@manual{intel-v2B,
	title = {Intel® 64 and IA-32 Architectures Software Developer's Manual Volume 1: Basic Architecture},
	url = {http://www.intel.com/Assets/PDF/manual/253665.pdf},
	year = {2011},
	month = {mar},
	organization = {Intel}
}

@manual{intel-v3A,
	title = {Intel® 64 and IA-32 Architectures Software Developer's Manual Volume 1: Basic Architecture},
	url = {http://www.intel.com/Assets/PDF/manual/253665.pdf},
	year = {2011},
	month = {mar},
	organization = {Intel}
}

@manual{intel-v3B,
	title = {Intel® 64 and IA-32 Architectures Software Developer's Manual Volume 1: Basic Architecture},
	url = {http://www.intel.com/Assets/PDF/manual/253665.pdf},
	year = 2011,
	month = {mar},
	organization = {Intel}
}

@misc{pc-keyboard-scancodes,
	timestamp = {2011-03-13 05:14:25 PM (EST)},
	title = {Keyboard scancodes},
	author = {Andries Brouwer},
	howpublished = {http://www.win.tue.nl/~aeb/linux/kbd/scancodes-1.html},
	month = {jul},
	year = {2009},
	note = {Info about PC keyboard scancodes.}
}

@misc{v4l2,
	title = {V4L2},
	note = {short for video for linux 2, See zotero for more info.}
}

@misc{wikipedia_endianness_2011,
	type = {Wiki},
	title = {Endianness},
	url = {http://en.wikipedia.org/w/index.php?title=Endianness&oldid=416260691},
	journal = {Wikipedia},
	month = feb,
	year = {2011},
	howpublished = {Wikipedia},
	day = {27}
}

